@article{1,
title = {Smoothed A* algorithm for practical unmanned surface vehicle path planning},
journal = {Applied Ocean Research},
volume = {83},
pages = {9-20 [2023-05-27]},
year = {2019},
issn = {0141-1187},
doi = {https://doi.org/10.1016/j.apor.2018.12.001},
url = {https://www.sciencedirect.com/science/article/pii/S0141118718302621},
author = {Rui Song and Yuanchang Liu and Richard Bucknall},
}

@Article{2,
AUTHOR = {Huo, Lisu and Zhu, Jianghan and Wu, Guohua and Li, Zhimeng},
TITLE = {A Novel Simulated Annealing Based Strategy for Balanced UAV Task Assignment and Path Planning},
JOURNAL = {Sensors},
VOLUME = {20},
YEAR = {2020},
NUMBER = {17},
pages = {4769 [2023-05-27]},
URL = {https://www.mdpi.com/1424-8220/20/17/4769},
PubMedID = {32846950},
ISSN = {1424-8220},
DOI = {10.3390/s20174769}
}


@inproceedings{3,
  title={Local Path Planning for Autonomous Vehicle Based on Artificial Potential Field Algorithm},
  author={Wang, Hongchao and Zhang, Weiwei and Wu, Xuncheng and Weng, Wendi and Meng, Zhengyun and Gao, Qiaoming},
  booktitle={2019 3rd International Conference on Electronic Information Technology and Computer Engineering (EITCE)},
  pages={953--957 [2023-05-27]},
  year={2019},
  address = {Xiamen, China},
  Publisher={IEEE},
  URL = {https://ieeexplore.ieee.org/abstract/document/9094886},
  doi={10.1109/EITCE47263.2019.9094886}
}

@Article{4,
AUTHOR = {Ali, Mohammed A. H. and Mailah, Musa and Jabbar, Waheb A. and Moiduddin, Khaja and Ameen, Wadea and Alkhalefah, Hisham},
TITLE = {Autonomous Road Roundabout Detection and Navigation System for Smart Vehicles and Cities Using Laser Simulator–Fuzzy Logic Algorithms and Sensor Fusion},
JOURNAL = {Sensors},
VOLUME = {20},
YEAR = {2020},
NUMBER = {13},
pages = {3694 [2023-05-27]},
URL = {https://www.mdpi.com/1424-8220/20/13/3694},
PubMedID = {32630340},
ISSN = {1424-8220},
DOI = {10.3390/s20133694}
}

@Article{5,
  author    = {J L Wang and H N Wu},
  journal   = {International Journal of Control},
  title     = {Leader following formation control of multi-agent systems under fixed and switching topologies},
  year      = {2012},
  number    = {85},
  pages     = {695-705 [2023-05-27]},
  volume    = {6},
  URL = {https://doi.org/10.1080/00207179.2012.662720},
  DOI = {10.1080/00207179.2012.662720}
}

@article{6,
  title={Leader-following formation control for second-order multiagent systems with time-varying delay and nonlinear dynamics},
  author={Li, Weixun and Chen, Zengqiang and Liu, Zhongxin},
  journal={Nonlinear Dynamics},
  volume={72},
  pages={803--812 [2023-05-27]},
  year={2013},
  publisher={Springer},
  volume={4},
  URL = {https://doi.org/10.1007/s11071-013-0754-6},
  DOI = {10.1007/s11071-013-0754-6}
}

@inproceedings{7,
  title={Formation Control of Marine Surface Vessel Based on Sliding Mode Control and Local State Observer},
  author={Li, Jingqi and Li, Tieshan and Liu, Cheng and Qin, Qi},
  booktitle={2018 Eighth International Conference on Information Science and Technology (ICIST)},
  pages={8--14 [2023-05-27]},
  year={2018},
  Publisher={IEEE},
  address = {Cordoba, Granada, and Seville, Spain},
  URL = {https://ieeexplore.ieee.org/abstract/document/8426147},
  doi={10.1109/ICIST.2018.8426147}
}

@Article{8,
  author    = {G LEE and D CHWA},
  journal   = {Intelligent Service Robotics},
  title     = {behavior-based formation control of multiple robots considering obstacle avoidance},
  year      = {2017},
  number    = {11},
  pages     = {127-138 [2023-05-27]},
  volume    = {1},
  URL = {https://doi.org/10.1007/s11370-017-0240-y},
  doi={10.1007/s11370-017-0240-y}
}

@Article{9,
  author    = {王祥科 and 李迅 and 郑志强},
  journal   = {控制与决策},
  title     = {多智能体系统编队控制相关问题研究综述},
  year      = {2013},
  number    = {28},
  pages     = {1601-1613},
  volume    = {11},
}

@inproceedings{10,
  title={A theoretical analysis of deep Q-learning},
  author={Fan, Jianqing and Wang, Zhaoran and Xie, Yuchen and Yang, Zhuoran},
  booktitle={Learning for Dynamics and Control},
  pages={486--489 [2023-05-27]},
  year={2020},
  Publisher={PMLR},
  URL = {http://proceedings.mlr.press/v120/yang20a/yang20a.pdf}
}

@inproceedings{11,
 author = {Lee, Alex X. and Nagabandi, Anusha and Abbeel, Pieter and Levine, Sergey},
 booktitle = {Advances in Neural Information Processing Systems},
 pages = {741--752 [2023-05-27]},
 publisher = {Curran Associates, Inc.},
 title = {Stochastic Latent Actor-Critic: Deep Reinforcement Learning with a Latent Variable Model},
 url = {https://proceedings.neurips.cc/paper_files/paper/2020/file/08058bf500242562c0d031ff830ad094-Paper.pdf},
 year = {2020}
}

@article{12,
  title={Monotonic value function factorisation for deep multi-agent reinforcement learning},
  author={Rashid, Tabish and Samvelyan, Mikayel and De Witt, Christian Schroeder and Farquhar, Gregory and Foerster, Jakob and Whiteson, Shimon},
  journal={The Journal of Machine Learning Research},
  volume={21},
  number={1},
  pages={7234--7284 [2023-05-27]},
  year={2020},
  URL = {https://dl.acm.org/doi/abs/10.5555/3455716.3455894}
}

@inproceedings{13,
author = {Lowe, Ryan and Wu, Yi and Tamar, Aviv and Harb, Jean and Abbeel, Pieter and Mordatch, Igor},
title = {Multi-Agent Actor-Critic for Mixed Cooperative-Competitive Environments},
year = {2017},
booktitle={Proceedings of the 31st International Conference on Neural Information Processing Systems},
isbn = {9781510860964},
publisher = {Curran Associates Inc.},
address = {Red Hook, NY, USA},
pages = {6382–6393 [2023-05-27]},
numpages = {12},
series = {NIPS'17},
url = {https://proceedings.neurips.cc/paper_files/paper/2017/file/68a9750337a418a86fe06c1991a1d64c-Paper.pdf}
}

@article{14,
  author       = {Mert {\c{C}}etinkaya},
  title        = {Multi-Agent Path Planning Using Deep Reinforcement Learning},
  journal      = {CoRR},
  year         = {2021},
  url          = {https://arxiv.org/abs/2110.01460},
  eprinttype    = {arXiv},
  eprint       = {2110.01460},
  timestamp    = {Fri, 08 Oct 2021 15:47:55 +0200},
  biburl       = {https://dblp.org/rec/journals/corr/abs-2110-01460.bib},
  bibsource    = {dblp computer science bibliography, https://dblp.org}
}

@article{15,
  title={Multi-robot path planning method using reinforcement learning},
  author={Bae, Hyansu and Kim, Gidong and Kim, Jonguk and Qian, Dianwei and Lee, Sukgyu},
  journal={Applied sciences},
  volume={9},
  number={15},
  pages={3057 [2023-05-27]},
  year={2019},
  publisher={MDPI},
  url={https://doi.org/10.3390/app9153057}
}

@article{16,
  title={Applications and Challenges of Deep Reinforcement Learning in Multi-robot Path Planning},
  author={Qiu, Tianyun and Cheng, Yaxuan},
  journal={Journal of Electronic Research and Application},
  volume={5},
  number={6},
  pages={25--29 [2023-05-27]},
  year={2021},
  url={http://ojs.bbwpublisher.com/index.php/JERA/article/view/2809},
  doi={10.26689/jera.v5i6.2809}
}

@inproceedings{17,
  title={Mapper: Multi-agent path planning with evolutionary reinforcement learning in mixed dynamic environments},
  author={Liu, Zuxin and Chen, Baiming and Zhou, Hongyi and Koushik, Guru and Hebert, Martial and Zhao, Ding},
  booktitle={2020 IEEE/RSJ International Conference on Intelligent Robots and Systems (IROS)},
  pages={11748--11754 [2023-05-27]},
  year={2020},
  Publisher={IEEE},
  address = {Las Vegas, NV, USA},
  URL = {https://ieeexplore.ieee.org/abstract/document/9340876},
  doi={10.1109/IROS45743.2020.9340876}
}

@mastersthesis{18,
  title={多运动体的智能感知与编队控制关键技术},
  author={刘朋浩},
  year={2018},
  address = {天津},
  school={天津大学}
}

@phdthesis{19,
  title={基于分层强化学习的多 agent 路径规划与编队方法研究},
  author={李波},
  year={2016},
  address = {新乡},
  school={河南师范大学}
}

@inproceedings{20,
  title={基于迁移强化学习的多智能体系统协同编队避障与防撞控制},
  author={胡鹏林 and 潘泉 and 武胜帅 and 马骏 and 郭亚宁},
  booktitle={2021中国自动化大会论文集},
  editor={中国自动化学会},
  Publisher={[出版者不详]},
  pages={591-596},
  year={2021},
}


@article{21,
  title={事件驱动的强化学习多智能体编队控制},
  author={徐鹏 and 谢广明 and 文家燕 and 高远 and others},
  journal={智能系统学报},
  volume={14},
  number={1},
  pages={93--98},
  year={2019}
}

@mastersthesis{22,
  title={基于深度强化学习的车辆编队跟驰控制研究},
  author={刘劭玲},
  year={2021},
  address = {秦皇岛},
  school={燕山大学}
}

@mastersthesis{23,
  title={基于深度强化学习的多机器人协同导航},
  author={周世正},
  year={2019},
  address = {杭州},
  school={浙江大学}
}

@article{DDQN, 
title={Deep Reinforcement Learning with Double Q-Learning}, 
volume={30}, 
url={https://ojs.aaai.org/index.php/AAAI/article/view/10295}, 
DOI={10.1609/aaai.v30i1.10295}, 
number={1}, 
pages={2094-2100 [2023-05-27]},
journal={Proceedings of the AAAI Conference on Artificial Intelligence}, 
author={van Hasselt, Hado and Guez, Arthur and Silver, David}, 
year={2016}, 
}

@inproceedings{DPG,
  title = 	 {Deterministic Policy Gradient Algorithms},
  author = 	 {Silver, David and Lever, Guy and Heess, Nicolas and Degris, Thomas and Wierstra, Daan and Riedmiller, Martin},
  booktitle = 	 {Proceedings of the 31st International Conference on Machine Learning},
  pages = 	 {387--395 [2023-05-27]},
  year = 	 {2014},
  address = 	 {Bejing, China},
  month = 	 {22--24 Jun},
  publisher =    {PMLR},
  url = 	 {https://proceedings.mlr.press/v32/silver14.html},
}

@inproceedings{A2C,
  title = 	 {Asynchronous Methods for Deep Reinforcement Learning},
  author = 	 {Mnih, Volodymyr and Badia, Adria Puigdomenech and Mirza, Mehdi and Graves, Alex and Lillicrap, Timothy and Harley, Tim and Silver, David and Kavukcuoglu, Koray},
  booktitle = 	 {Proceedings of The 33rd International Conference on Machine Learning},
  pages = 	 {1928--1937 [2023-05-27]},
  year = 	 {2016},
  address = 	 {New York, USA},
  publisher =    {PMLR},
  url = 	 {https://proceedings.mlr.press/v48/mniha16.html},
}

@article{MGQ,
  title={基于半马尔可夫对策的多机器人分层强化学习},
  author={沈晶 and 刘海波 and 张汝波 and 吴艳霞 and 程晓北},
  journal={山东大学学报 (工学版)},
  volume={40},
  number={4},
  pages={1--7},
  year={2010}
}

@article{DDPG,
  author       = {Lillicrap, Timothy P and Hunt, Jonathan J and Pritzel, Alexander and Heess, Nicolas and Erez, Tom and Tassa, Yuval and Silver, David and Wierstra, Daan},
  title        = {Continuous control with deep reinforcement learning},
  journal      = {CoRR},
  year         = {2015},
  url          = {https://arxiv.org/abs/1509.02971},
  eprinttype    = {arXiv},
  eprint       = {1509.02971}
}

@article{IPPO,
  author       = {Christian Schr{\"{o}}der de Witt and
                  Tarun Gupta and
                  Denys Makoviichuk and
                  Viktor Makoviychuk and
                  Philip H. S. Torr and
                  Mingfei Sun and
                  Shimon Whiteson},
  title        = {Is Independent Learning All You Need in the StarCraft Multi-Agent Challenge?},
  journal      = {CoRR},
  year         = {2020},
  url          = {https://arxiv.org/abs/2011.09533},
  eprinttype    = {arXiv},
  eprint       = {2011.09533},
  timestamp    = {Wed, 25 Nov 2020 16:34:14 +0100},
  biburl       = {https://dblp.org/rec/journals/corr/abs-2011-09533.bib},
  bibsource    = {dblp computer science bibliography, https://dblp.org}
}

@article{30,
  title={Q-learning},
  author={Watkins, Christopher JCH and Dayan, Peter},
  journal={Machine learning},
  volume={8},
  number={3},
  pages={279--292 [2023-05-27]},
  year={1992},
  publisher={Springer},
  url={https://doi.org/10.1007/BF00992698}
}

@article{31,
  title={Policy gradient methods for reinforcement learning with function approximation},
  author={Sutton, Richard S and McAllester, David and Singh, Satinder and Mansour, Yishay},
  journal={Advances in neural information processing systems},
  volume={12},
  year={1999},
  pages={1057-1063 [2023-05-27]},
  url = {https://proceedings.neurips.cc/paper_files/paper/1999/file/464d828b85b0bed98e80ade0a5c43b0f-Paper.pdf}
}

@article{32,
  title={Dyna, an integrated architecture for learning, planning, and reacting},
  author={Sutton, Richard S},
  journal={ACM Sigart Bulletin},
  volume={2},
  number={4},
  pages={160--163 [2023-05-27]},
  year={1991},
  publisher={ACM New York, NY, USA},
  url = {https://doi.org/10.1145/122344.122377}
}

@inproceedings{33,
  title={A DRL Based Distributed Formation Control Scheme with Stream-Based Collision Avoidance},
  author={Qiu, Xinyou and Li, Xiaoxiang and Wang, Jian and Wang, Yu and Shen, Yuan},
  booktitle={2021 IEEE International Conference on Autonomous Systems (ICAS)},
  pages={1--5 [2023-05-27]},
  year={2021},
  address={Montreal, QC, Canada},
  publisher={IEEE},
  doi={10.1109/ICAS49788.2021.9551123},
  url={https://ieeexplore.ieee.org/abstract/document/9551123}
}

@ARTICLE{34,
  author={Cimurs, Reinis and Suh, Il Hong and Lee, Jin Han},
  journal={IEEE Robotics and Automation Letters}, 
  title={Goal-Driven Autonomous Exploration Through Deep Reinforcement Learning}, 
  year={2022},
  volume={7},
  number={2},
  pages={730-737 [2023-05-27]},
  url={https://ieeexplore.ieee.org/abstract/document/9645287},
  doi={10.1109/LRA.2021.3133591}
}

@article{35,
  author       = {John Schulman and
                  Filip Wolski and
                  Prafulla Dhariwal and
                  Alec Radford and
                  Oleg Klimov},
  title        = {Proximal Policy Optimization Algorithms},
  journal      = {CoRR},
  year         = {2017},
  url          = {http://arxiv.org/abs/1707.06347},
  eprinttype    = {arXiv},
  eprint       = {1707.06347},
  timestamp    = {Mon, 13 Aug 2018 16:47:34 +0200},
  biburl       = {https://dblp.org/rec/journals/corr/SchulmanWDRK17.bib},
  bibsource    = {dblp computer science bibliography, https://dblp.org}
}

@inproceedings{36,
  title={Trust region policy optimization},
  author={Schulman, John and Levine, Sergey and Abbeel, Pieter and Jordan, Michael and Moritz, Philipp},
  booktitle={International conference on machine learning},
  pages={1889--1897 [2023-05-27]},
  year={2015},
  address = {Lille, France},
  publisher={PMLR},
  url = {https://proceedings.mlr.press/v37/schulman15.html},
}

@article{37,
  title={The dynamic window approach to collision avoidance},
  author={Fox, Dieter and Burgard, Wolfram and Thrun, Sebastian},
  journal={IEEE Robotics \& Automation Magazine},
  volume={4},
  number={1},
  pages={23--33 [2023-05-27]},
  year={1997},
  publisher={IEEE},
  doi={10.1109/100.580977},
  url={https://ieeexplore.ieee.org/abstract/document/580977}
}

@inproceedings{38,
  title={A reduction of imitation learning and structured prediction to no-regret online learning},
  author={Ross, St{\'e}phane and Gordon, Geoffrey and Bagnell, Drew},
  booktitle={Proceedings of the Fourteenth International Conference on Artificial Intelligence and Statistics},
  pages={627--635 [2023-05-27]},
  year={2011},
  address = {Fort Lauderdale, FL, USA},
  publisher =    {PMLR},
  url = 	 {https://proceedings.mlr.press/v15/ross11a.html},
}

@inproceedings{39,
 author = {Lowe, Ryan and WU, YI and Tamar, Aviv and Harb, Jean and Pieter Abbeel, OpenAI and Mordatch, Igor},
 booktitle = {Advances in Neural Information Processing Systems},
 address={Long Beach, CA, USA},
 publisher = {Curran Associates, Inc},
 pages={30 [2023-05-27]},
 title = {Multi-Agent Actor-Critic for Mixed Cooperative-Competitive Environments},
 url = {https://proceedings.neurips.cc/paper_files/paper/2017/file/68a9750337a418a86fe06c1991a1d64c-Paper.pdf},
 year = {2017}
}

@inproceedings{40,
  title={Relative distributed formation and obstacle avoidance with multi-agent reinforcement learning},
  author={Yan, Yuzi and Li, Xiaoxiang and Qiu, Xinyou and Qiu, Jiantao and Wang, Jian and Wang, Yu and Shen, Yuan},
  booktitle={2022 International Conference on Robotics and Automation (ICRA)},
  address={Philadelphia, PA, USA},
  pages={1661--1667 [2023-05-27]},
  year={2022},
  publisher={IEEE},
  doi={10.1109/ICRA46639.2022.9812263},
  url={https://ieeexplore.ieee.org/abstract/document/9812263}
}

@article{41,
  author={Guo, Delin and Tang, Lan and Zhang, Xinggan and Liang, Ying-Chang},
  journal={IEEE Transactions on Vehicular Technology}, 
  title={Joint Optimization of Handover Control and Power Allocation Based on Multi-Agent Deep Reinforcement Learning}, 
  year={2020},
  volume={69},
  number={11},
  pages={13124-13138 [2023-05-27]},
  doi={10.1109/TVT.2020.3020400},
  url={https://ieeexplore.ieee.org/abstract/document/9185035}
}

@inproceedings{42,
 author = {Yu, Chao and Velu, Akash and Vinitsky, Eugene and Gao, Jiaxuan and Wang, Yu and Bayen, Alexandre and WU, YI},
 booktitle = {Advances in Neural Information Processing Systems},
 pages = {24611--24624 [2023-05-27]},
 publisher = {Curran Associates, Inc.},
 title = {The Surprising Effectiveness of PPO in Cooperative Multi-Agent Games},
 url = {https://proceedings.neurips.cc/paper_files/paper/2022/file/9c1535a02f0ce079433344e14d910597-Paper-Datasets_and_Benchmarks.pdf},
 year = {2022}
}

@inproceedings{43,
  title={Individual Reward Assisted Multi-Agent Reinforcement Learning},
  author={Wang, Li and Zhang, Yupeng and Hu, Yujing and Wang, Weixun and Zhang, Chongjie and Gao, Yang and Hao, Jianye and Lv, Tangjie and Fan, Changjie},
  booktitle={Proceedings of the 39th International Conference on Machine Learning},
  pages={23417--23432 [2023-05-27]},
  year={2022},
  publisher={PMLR},
  url = {https://proceedings.mlr.press/v162/wang22ao.html},
}

@article{44,
  title={Towards end-to-end formation control for robotic fish via deep reinforcement learning with non-expert imitation},
  author={Sun, Yihao and Yan, Chao and Xiang, Xiaojia and Zhou, Han and Tang, Dengqing and Zhu, Yi},
  journal={Ocean Engineering},
  volume={271},
  pages={113811 [2023-05-27]},
  year={2023},
  doi = {https://doi.org/10.1016/j.oceaneng.2023.113811},
  url = {https://www.sciencedirect.com/science/article/pii/S0029801823001956},
  publisher={Elsevier}
}

@article{45,
  author       = {Eric Zhan and
                  Stephan Zheng and
                  Yisong Yue and
                  Long Sha and
                  Patrick Lucey},
  title        = {Generative Multi-Agent Behavioral Cloning},
  journal      = {CoRR},
  year         = {2018},
  url          = {http://arxiv.org/abs/1803.07612},
  eprinttype    = {arXiv},
  eprint       = {1803.07612},
  timestamp    = {Mon, 13 Aug 2018 16:47:32 +0200},
  biburl       = {https://dblp.org/rec/journals/corr/abs-1803-07612.bib},
  bibsource    = {dblp computer science bibliography, https://dblp.org}
}